%YAML 1.1
%TAG !u! tag:unity3d.com,2011:
--- !u!29 &1
SceneSettings:
  m_ObjectHideFlags: 0
  m_PVSData: 
  m_PVSObjectsArray: []
  m_PVSPortalsArray: []
  m_OcclusionBakeSettings:
    smallestOccluder: 5
    smallestHole: 0.25
    backfaceThreshold: 100
--- !u!104 &2
RenderSettings:
  m_ObjectHideFlags: 0
  serializedVersion: 7
  m_Fog: 0
  m_FogColor: {r: 0.5, g: 0.5, b: 0.5, a: 1}
  m_FogMode: 3
  m_FogDensity: 0.01
  m_LinearFogStart: 0
  m_LinearFogEnd: 300
  m_AmbientSkyColor: {r: 0.212, g: 0.227, b: 0.259, a: 1}
  m_AmbientEquatorColor: {r: 0.114, g: 0.125, b: 0.133, a: 1}
  m_AmbientGroundColor: {r: 0.047, g: 0.043, b: 0.035, a: 1}
  m_AmbientIntensity: 1
  m_AmbientMode: 0
  m_SkyboxMaterial: {fileID: 10304, guid: 0000000000000000f000000000000000, type: 0}
  m_HaloStrength: 0.5
  m_FlareStrength: 1
  m_FlareFadeSpeed: 3
  m_HaloTexture: {fileID: 0}
  m_SpotCookie: {fileID: 10001, guid: 0000000000000000e000000000000000, type: 0}
  m_DefaultReflectionMode: 0
  m_DefaultReflectionResolution: 128
  m_ReflectionBounces: 1
  m_ReflectionIntensity: 1
  m_CustomReflection: {fileID: 0}
  m_Sun: {fileID: 0}
  m_IndirectSpecularColor: {r: 0.4469248, g: 0.49678648, b: 0.5750846, a: 1}
--- !u!157 &3
LightmapSettings:
  m_ObjectHideFlags: 0
  serializedVersion: 7
  m_GIWorkflowMode: 0
  m_GISettings:
    serializedVersion: 2
    m_BounceScale: 1
    m_IndirectOutputScale: 1
    m_AlbedoBoost: 1
    m_TemporalCoherenceThreshold: 1
    m_EnvironmentLightingMode: 0
    m_EnableBakedLightmaps: 1
    m_EnableRealtimeLightmaps: 1
  m_LightmapEditorSettings:
    serializedVersion: 4
    m_Resolution: 2
    m_BakeResolution: 40
    m_TextureWidth: 1024
    m_TextureHeight: 1024
    m_AO: 0
    m_AOMaxDistance: 1
    m_CompAOExponent: 1
    m_CompAOExponentDirect: 0
    m_Padding: 2
    m_LightmapParameters: {fileID: 0}
    m_LightmapsBakeMode: 1
    m_TextureCompression: 1
    m_DirectLightInLightProbes: 1
    m_FinalGather: 0
    m_FinalGatherFiltering: 1
    m_FinalGatherRayCount: 256
    m_ReflectionCompression: 2
  m_LightingDataAsset: {fileID: 0}
  m_RuntimeCPUUsage: 25
--- !u!196 &4
NavMeshSettings:
  serializedVersion: 2
  m_ObjectHideFlags: 0
  m_BuildSettings:
    serializedVersion: 2
    agentRadius: 0.5
    agentHeight: 2
    agentSlope: 45
    agentClimb: 0.4
    ledgeDropHeight: 0
    maxJumpAcrossDistance: 0
    accuratePlacement: 0
    minRegionArea: 2
    cellSize: 0.16666667
    manualCellSize: 0
  m_NavMeshData: {fileID: 0}
--- !u!1 &51136911
GameObject:
  m_ObjectHideFlags: 0
  m_PrefabParentObject: {fileID: 0}
  m_PrefabInternal: {fileID: 0}
  serializedVersion: 4
  m_Component:
  - 4: {fileID: 51136913}
  - 114: {fileID: 51136912}
  m_Layer: 0
  m_Name: GUI
  m_TagString: Untagged
  m_Icon: {fileID: 0}
  m_NavMeshLayer: 0
  m_StaticEditorFlags: 0
  m_IsActive: 1
--- !u!114 &51136912
MonoBehaviour:
  m_ObjectHideFlags: 0
  m_PrefabParentObject: {fileID: 0}
  m_PrefabInternal: {fileID: 0}
  m_GameObject: {fileID: 51136911}
  m_Enabled: 1
  m_EditorHideFlags: 0
  m_Script: {fileID: 11500000, guid: 2a5f7b57bf31a5a4a968c3178f9e9044, type: 3}
  m_Name: 
  m_EditorClassIdentifier: 
  FMgr: {fileID: 1658134492}
  Manager: {fileID: 1320273709}
  Grass: []
  ModifyGrassRange: 1
  Details: []
  ModifyDetailsRange: 1
  Trees: []
  Fluids: {fileID: 0}
  Camera: {fileID: 0}
  IsForUsers: 0
  TCamera: {fileID: 0}
  IP: 0.0.0.0
  Port: 8000
  UseTerrainLimits: 0
  MinLimits: {x: 0, y: 0, z: 0}
  MaxLimits: {x: 0, y: 0, z: 0}
  MenuId: 0
--- !u!4 &51136913
Transform:
  m_ObjectHideFlags: 0
  m_PrefabParentObject: {fileID: 0}
  m_PrefabInternal: {fileID: 0}
  m_GameObject: {fileID: 51136911}
  m_LocalRotation: {x: 0, y: 0, z: 0, w: 1}
  m_LocalPosition: {x: 0, y: 0, z: 0}
  m_LocalScale: {x: 1, y: 1, z: 1}
  m_LocalEulerAnglesHint: {x: 0, y: 0, z: 0}
  m_Children: []
  m_Father: {fileID: 0}
  m_RootOrder: 5
--- !u!1 &119102946
GameObject:
  m_ObjectHideFlags: 0
  m_PrefabParentObject: {fileID: 0}
  m_PrefabInternal: {fileID: 0}
  serializedVersion: 4
  m_Component:
  - 4: {fileID: 119102947}
  - 114: {fileID: 119102948}
  m_Layer: 0
  m_Name: 20-DebugGUIProcessor
  m_TagString: Untagged
  m_Icon: {fileID: 0}
  m_NavMeshLayer: 0
  m_StaticEditorFlags: 0
  m_IsActive: 1
--- !u!4 &119102947
Transform:
  m_ObjectHideFlags: 0
  m_PrefabParentObject: {fileID: 0}
  m_PrefabInternal: {fileID: 0}
  m_GameObject: {fileID: 119102946}
  m_LocalRotation: {x: -0, y: -0, z: -0, w: 1}
  m_LocalPosition: {x: 0, y: 0, z: 0}
  m_LocalScale: {x: 1, y: 1, z: 1}
  m_LocalEulerAnglesHint: {x: 0, y: 0, z: 0}
  m_Children: []
  m_Father: {fileID: 1320273710}
  m_RootOrder: 2
--- !u!114 &119102948
MonoBehaviour:
  m_ObjectHideFlags: 0
  m_PrefabParentObject: {fileID: 0}
  m_PrefabInternal: {fileID: 0}
  m_GameObject: {fileID: 119102946}
  m_Enabled: 1
  m_EditorHideFlags: 0
  m_Script: {fileID: 11500000, guid: bd76152538f907148876518956731965, type: 3}
  m_Name: 
  m_EditorClassIdentifier: 
  DataName: 
  InternalDataName: 
  UniqueId: 255
  Priority: 20
  EnableUnityUpdateFunction: 0
  EnableThreadUpdateFunction: 0
  InterlacedUpdate: 0
  EnableGenerationFunction: 1
  NextThreadId: 0
  DrawDebugLog: 1
  DrawDebugBar: 1
  DrawDebugConsole: 0
  IsDemo: 1
  AutoFogDistanceCalculation: 1
  Record: 0
  StopWhenTerrainloaded: 0
  WindowPosition:
    serializedVersion: 2
    x: 200
    y: 100
    width: 800
    height: 400
  DisableDebugOpen: []
  MenuId: 0
  Menus:
  - Logs
  - Pool
  - Stats
  - TimeLine
  - Profiler
  - Refresh
  - 
  ThreadId: 0
--- !u!1 &572339219
GameObject:
  m_ObjectHideFlags: 0
  m_PrefabParentObject: {fileID: 0}
  m_PrefabInternal: {fileID: 0}
  serializedVersion: 4
  m_Component:
  - 4: {fileID: 572339221}
  - 114: {fileID: 572339220}
  m_Layer: 0
  m_Name: 2-ActionProcessor
  m_TagString: Untagged
  m_Icon: {fileID: 0}
  m_NavMeshLayer: 0
  m_StaticEditorFlags: 0
  m_IsActive: 1
--- !u!114 &572339220
MonoBehaviour:
  m_ObjectHideFlags: 0
  m_PrefabParentObject: {fileID: 0}
  m_PrefabInternal: {fileID: 0}
  m_GameObject: {fileID: 572339219}
  m_Enabled: 1
  m_EditorHideFlags: 0
  m_Script: {fileID: 11500000, guid: 4dcceccdf86619644af20fa1847b9e01, type: 3}
  m_Name: 
  m_EditorClassIdentifier: 
  OnStart:
    Objects: []
    GoToInvertState: []
    MonoToInvertState: []
    CamToInvertState: []
    LightToInvertState: []
    GravityToIntertState: []
    ColliderToInvertState: []
  MaxThreadCount: 0
  TargetFPS: 30
  OffsetFPS: 0
  MaxActionTime: 0
  ThreadSleepMSTime: 20
  MaxThreadedActionTime: 50
  EnablePooling: 1
  EnableStats: 0
  IsRunning: 1
  RenderTime: 0
  UpdateTime: 0
--- !u!4 &572339221
Transform:
  m_ObjectHideFlags: 0
  m_PrefabParentObject: {fileID: 0}
  m_PrefabInternal: {fileID: 0}
  m_GameObject: {fileID: 572339219}
  m_LocalRotation: {x: 0, y: 0, z: 0, w: 1}
  m_LocalPosition: {x: 0, y: 0, z: 0}
  m_LocalScale: {x: 1, y: 1, z: 1}
  m_LocalEulerAnglesHint: {x: 0, y: 0, z: 0}
  m_Children: []
  m_Father: {fileID: 0}
  m_RootOrder: 3
--- !u!1 &755100466
GameObject:
  m_ObjectHideFlags: 0
  m_PrefabParentObject: {fileID: 0}
  m_PrefabInternal: {fileID: 0}
  serializedVersion: 4
  m_Component:
  - 4: {fileID: 755100471}
  - 114: {fileID: 755100470}
  - 33: {fileID: 755100469}
  - 23: {fileID: 755100468}
  - 64: {fileID: 755100467}
  m_Layer: 11
  m_Name: -ChunkPrefab
  m_TagString: Untagged
  m_Icon: {fileID: 0}
  m_NavMeshLayer: 0
  m_StaticEditorFlags: 0
  m_IsActive: 1
--- !u!64 &755100467
MeshCollider:
  m_ObjectHideFlags: 0
  m_PrefabParentObject: {fileID: 0}
  m_PrefabInternal: {fileID: 0}
  m_GameObject: {fileID: 755100466}
  m_Material: {fileID: 0}
  m_IsTrigger: 0
  m_Enabled: 1
  serializedVersion: 2
  m_Convex: 0
  m_Mesh: {fileID: 0}
--- !u!23 &755100468
MeshRenderer:
  m_ObjectHideFlags: 0
  m_PrefabParentObject: {fileID: 0}
  m_PrefabInternal: {fileID: 0}
  m_GameObject: {fileID: 755100466}
  m_Enabled: 1
  m_CastShadows: 1
  m_ReceiveShadows: 1
  m_MotionVectors: 1
  m_LightProbeUsage: 1
  m_ReflectionProbeUsage: 1
  m_Materials:
  - {fileID: 0}
  m_SubsetIndices: 
  m_StaticBatchRoot: {fileID: 0}
  m_ProbeAnchor: {fileID: 0}
  m_LightProbeVolumeOverride: {fileID: 0}
  m_ScaleInLightmap: 1
  m_PreserveUVs: 0
  m_IgnoreNormalsForChartDetection: 0
  m_ImportantGI: 0
  m_SelectedWireframeHidden: 0
  m_MinimumChartSize: 4
  m_AutoUVMaxDistance: 0.5
  m_AutoUVMaxAngle: 89
  m_LightmapParameters: {fileID: 0}
  m_SortingLayerID: 0
  m_SortingOrder: 0
--- !u!33 &755100469
MeshFilter:
  m_ObjectHideFlags: 0
  m_PrefabParentObject: {fileID: 0}
  m_PrefabInternal: {fileID: 0}
  m_GameObject: {fileID: 755100466}
  m_Mesh: {fileID: 0}
--- !u!114 &755100470
MonoBehaviour:
  m_ObjectHideFlags: 0
  m_PrefabParentObject: {fileID: 0}
  m_PrefabInternal: {fileID: 0}
  m_GameObject: {fileID: 755100466}
  m_Enabled: 1
  m_EditorHideFlags: 0
  m_Script: {fileID: 11500000, guid: 8ff950d19740d814f9ec7ec393bb468d, type: 3}
  m_Name: 
  m_EditorClassIdentifier: 
  ChunkId: 0
  CCollider: {fileID: 755100467}
  CRenderer: {fileID: 755100468}
  CFilter: {fileID: 755100469}
--- !u!4 &755100471
Transform:
  m_ObjectHideFlags: 0
  m_PrefabParentObject: {fileID: 0}
  m_PrefabInternal: {fileID: 0}
  m_GameObject: {fileID: 755100466}
  m_LocalRotation: {x: -0, y: -0, z: -0, w: 1}
  m_LocalPosition: {x: 0, y: 0, z: 0}
  m_LocalScale: {x: 1, y: 1, z: 1}
  m_LocalEulerAnglesHint: {x: 0, y: 0, z: 0}
  m_Children: []
  m_Father: {fileID: 1320273710}
  m_RootOrder: 0
--- !u!1 &812857596
GameObject:
  m_ObjectHideFlags: 0
  m_PrefabParentObject: {fileID: 0}
  m_PrefabInternal: {fileID: 0}
  serializedVersion: 4
  m_Component:
  - 4: {fileID: 812857597}
  - 114: {fileID: 812857598}
  m_Layer: 0
  m_Name: 0-Biomes Noises
  m_TagString: Untagged
  m_Icon: {fileID: 0}
  m_NavMeshLayer: 0
  m_StaticEditorFlags: 0
  m_IsActive: 1
--- !u!4 &812857597
Transform:
  m_ObjectHideFlags: 0
  m_PrefabParentObject: {fileID: 0}
  m_PrefabInternal: {fileID: 0}
  m_GameObject: {fileID: 812857596}
  m_LocalRotation: {x: -0, y: -0, z: -0, w: 1}
  m_LocalPosition: {x: 0, y: 0, z: 0}
  m_LocalScale: {x: 1, y: 1, z: 1}
  m_LocalEulerAnglesHint: {x: 0, y: 0, z: 0}
  m_Children: []
  m_Father: {fileID: 1071949660}
  m_RootOrder: 0
--- !u!114 &812857598
MonoBehaviour:
  m_ObjectHideFlags: 0
  m_PrefabParentObject: {fileID: 0}
  m_PrefabInternal: {fileID: 0}
  m_GameObject: {fileID: 812857596}
  m_Enabled: 1
  m_EditorHideFlags: 0
  m_Script: {fileID: 11500000, guid: 4a9160ffba1134d459de2ca955e1ab6f, type: 3}
  m_Name: 
  m_EditorClassIdentifier: 
  Noises:
    Windows:
    - UniqueId: 11
      Name: HeightMapOutput
      Title: 
      Position:
        serializedVersion: 2
        x: 149
        y: 245
        width: 136
        height: 208
      IsPreview: 1
      IsContainer: 0
      IsViewable: 1
      Values:
      - Name: Input
        Value: 12
        ValueType: 0
        EnumValues: []
        Names: []
        Curves: []
        Doubles: []
        AnimCurves:
          serializedVersion: 2
          m_Curve: []
          m_PreInfinity: 2
          m_PostInfinity: 2
          m_RotationOrder: 4
    - UniqueId: 12
      Name: Scale
      Title: 
      Position:
        serializedVersion: 2
        x: 308
        y: 505
        width: 172
        height: 226
      IsPreview: 1
      IsContainer: 0
      IsViewable: 1
      Values:
      - Name: SourceModule
        Value: 13
        ValueType: 0
        EnumValues: []
        Names: []
        Curves: []
        Doubles: []
        AnimCurves:
          serializedVersion: 2
          m_Curve: []
          m_PreInfinity: 2
          m_PostInfinity: 2
          m_RotationOrder: 4
      - Name: Scale
        Value: 64
        ValueType: 11
        EnumValues: []
        Names: []
        Curves: []
        Doubles: []
        AnimCurves:
          serializedVersion: 2
          m_Curve: []
          m_PreInfinity: 2
          m_PostInfinity: 2
          m_RotationOrder: 4
    - UniqueId: 13
      Name: Bias
      Title: 
      Position:
        serializedVersion: 2
        x: 432
        y: 268
        width: 172
        height: 226
      IsPreview: 1
      IsContainer: 0
      IsViewable: 1
      Values:
      - Name: SourceModule
        Value: 14
        ValueType: 0
        EnumValues: []
        Names: []
        Curves: []
        Doubles: []
        AnimCurves:
          serializedVersion: 2
          m_Curve: []
          m_PreInfinity: 2
          m_PostInfinity: 2
          m_RotationOrder: 4
      - Name: Bias
        Value: 1
        ValueType: 11
        EnumValues: []
        Names: []
        Curves: []
        Doubles: []
        AnimCurves:
          serializedVersion: 2
          m_Curve: []
          m_PreInfinity: 2
          m_PostInfinity: 2
          m_RotationOrder: 4
    - UniqueId: 14
      Name: Perlin
      Title: 
      Position:
        serializedVersion: 2
        x: 720
        y: 223
        width: 172
        height: 338
      IsPreview: 1
      IsContainer: 0
      IsViewable: 1
      Values:
      - Name: Frequency
        Value: 0.001
        ValueType: 11
        EnumValues: []
        Names: []
        Curves: []
        Doubles: []
        AnimCurves:
          serializedVersion: 2
          m_Curve: []
          m_PreInfinity: 2
          m_PostInfinity: 2
          m_RotationOrder: 4
      - Name: Persistence
        Value: 0.5
        ValueType: 11
        EnumValues: []
        Names: []
        Curves: []
        Doubles: []
        AnimCurves:
          serializedVersion: 2
          m_Curve: []
          m_PreInfinity: 2
          m_PostInfinity: 2
          m_RotationOrder: 4
      - Name: NoiseQuality
        Value: 0
        ValueType: 7
        EnumValues:
        - Low
        - Standard
        - High
        Names: []
        Curves: []
        Doubles: []
        AnimCurves:
          serializedVersion: 2
          m_Curve: []
          m_PreInfinity: 2
          m_PostInfinity: 2
          m_RotationOrder: 4
      - Name: Seed
        Value: 0
        ValueType: 2
        EnumValues: []
        Names: []
        Curves: []
        Doubles: []
        AnimCurves:
          serializedVersion: 2
          m_Curve: []
          m_PreInfinity: 2
          m_PostInfinity: 2
          m_RotationOrder: 4
      - Name: Lacunarity
        Value: 2
        ValueType: 11
        EnumValues: []
        Names: []
        Curves: []
        Doubles: []
        AnimCurves:
          serializedVersion: 2
          m_Curve: []
          m_PreInfinity: 2
          m_PostInfinity: 2
          m_RotationOrder: 4
      - Name: OctaveCount
        Value: 6
        ValueType: 2
        EnumValues: []
        Names: []
        Curves: []
        Doubles: []
        AnimCurves:
          serializedVersion: 2
          m_Curve: []
          m_PreInfinity: 2
          m_PostInfinity: 2
          m_RotationOrder: 4
    - UniqueId: 15
      Name: VoxelTypeOutput
      Title: 
      Position:
        serializedVersion: 2
        x: 248
        y: 833
        width: 120
        height: 40
      IsPreview: 0
      IsContainer: 0
      IsViewable: 1
      Values:
      - Name: Input
        Value: 16
        ValueType: 8
        EnumValues: []
        Names: []
        Curves: []
        Doubles: []
        AnimCurves:
          serializedVersion: 2
          m_Curve: []
          m_PreInfinity: 2
          m_PostInfinity: 2
          m_RotationOrder: 4
    - UniqueId: 16
      Name: Type
      Title: 
      Position:
        serializedVersion: 2
        x: 558
        y: 758
        width: 172
        height: 57
      IsPreview: 0
      IsContainer: 0
      IsViewable: 1
      Values:
      - Name: VoxelName
        Value: Grass
        ValueType: 4
        EnumValues: []
        Names: []
        Curves: []
        Doubles: []
        AnimCurves:
          serializedVersion: 2
          m_Curve: []
          m_PreInfinity: 2
          m_PostInfinity: 2
          m_RotationOrder: 4
  Container:
    Noises:
    - Name: Ground
      SeedOffset: 0
      NoiseType: 8
      Octaves: 1
      Frequency: 0.005
      YFrequency: 1
      Persistence: 0.5
      Lacunarity: 2
      CraterSize: 0.1
      CraterHeight: 0.1
      PreCalculations:
      - Name: 11
        LowerBound: 0
        UpperBound: 0
        Exponent: 0
        Scale: 4
        Bias: 1
        Roughtness: 0
        ScaleInput: {x: 0, y: 0, z: 0}
        OptionalNoise1: 
        OptionalNoise2: 
        NameNoises: []
        ControlPoints: []
    - Name: Valleys
      SeedOffset: 0
      NoiseType: 5
      Octaves: 4
      Frequency: 0.003
      YFrequency: 1
      Persistence: 0.5
      Lacunarity: 2
      CraterSize: 0.1
      CraterHeight: 0.1
      PreCalculations:
      - Name: 11
        LowerBound: 0
        UpperBound: 0
        Exponent: 0
        Scale: 10
        Bias: 0.5
        Roughtness: 0
        ScaleInput: {x: 0, y: 0, z: 0}
        OptionalNoise1: 
        OptionalNoise2: 
        NameNoises: []
        ControlPoints: []
    - Name: Mountains
      SeedOffset: 0
      NoiseType: 6
      Octaves: 4
      Frequency: 0.0002
      YFrequency: 1
      Persistence: 0.5
      Lacunarity: 2
      CraterSize: 0.1
      CraterHeight: 0.1
      PreCalculations:
      - Name: 11
        LowerBound: 0
        UpperBound: 0
        Exponent: 0
        Scale: 64
        Bias: 1
        Roughtness: 0
        ScaleInput: {x: 0, y: 0, z: 0}
        OptionalNoise1: 
        OptionalNoise2: 
        NameNoises: []
        ControlPoints: []
    NoisesPreset:
    - Name: Main
      Computation: 2
      NoiseName: 
      PresetA: Ground
      PresetB: Mountains
      PresetC: 
      EdgeFalloff: 0
      Bounds: {x: 0, y: 0}
      NameNoises: []
      ControlPoints: []
      InvertTerrace: 0
      NoiseScript_Container: {fileID: 0}
      ExternalIndex: -1
      MainNoise_Container: Main
    - Name: Valleys
      Computation: 0
      NoiseName: Valleys
      PresetA: 
      PresetB: 
      PresetC: 
      EdgeFalloff: 0
      Bounds: {x: 0, y: 0}
      NameNoises: []
      ControlPoints: []
      InvertTerrace: 0
      NoiseScript_Container: {fileID: 0}
      ExternalIndex: -1
      MainNoise_Container: Main
    - Name: Mountains
      Computation: 0
      NoiseName: Mountains
      PresetA: 
      PresetB: 
      PresetC: 
      EdgeFalloff: 0
      Bounds: {x: 0, y: 0}
      NameNoises: []
      ControlPoints: []
      InvertTerrace: 0
      NoiseScript_Container: {fileID: 0}
      ExternalIndex: -1
      MainNoise_Container: Main
    - Name: ValleysMountains
      Computation: 1
      NoiseName: 
      PresetA: 
      PresetB: 
      PresetC: 
      EdgeFalloff: 0
      Bounds: {x: 0, y: 0}
      NameNoises: []
      ControlPoints: []
      InvertTerrace: 0
      NoiseScript_Container: {fileID: 0}
      ExternalIndex: -1
      MainNoise_Container: Main
    - Name: Ground
      Computation: 0
      NoiseName: Ground
      PresetA: 
      PresetB: 
      PresetC: 
      EdgeFalloff: 0
      Bounds: {x: 0, y: 0}
      NameNoises: []
      ControlPoints: []
      InvertTerrace: 0
      NoiseScript_Container: {fileID: 0}
      ExternalIndex: -1
      MainNoise_Container: Main
  NoiseTypes:
    NoisesObjects: []
  ExternalContainers: []
--- !u!4 &1055691262 stripped
Transform:
  m_PrefabParentObject: {fileID: 429846, guid: d1da5bf04eb836b43885191d0cfa9cda, type: 2}
  m_PrefabInternal: {fileID: 1839999869}
--- !u!1 &1071949659
GameObject:
  m_ObjectHideFlags: 0
  m_PrefabParentObject: {fileID: 0}
  m_PrefabInternal: {fileID: 0}
  serializedVersion: 4
  m_Component:
  - 4: {fileID: 1071949660}
  - 114: {fileID: 1071949661}
  m_Layer: 0
  m_Name: 0-HeightMap
  m_TagString: Untagged
  m_Icon: {fileID: 0}
  m_NavMeshLayer: 0
  m_StaticEditorFlags: 0
  m_IsActive: 1
--- !u!4 &1071949660
Transform:
  m_ObjectHideFlags: 0
  m_PrefabParentObject: {fileID: 0}
  m_PrefabInternal: {fileID: 0}
  m_GameObject: {fileID: 1071949659}
  m_LocalRotation: {x: -0, y: -0, z: -0, w: 1}
  m_LocalPosition: {x: 0, y: 0, z: 0}
  m_LocalScale: {x: 1, y: 1, z: 1}
  m_LocalEulerAnglesHint: {x: 0, y: 0, z: 0}
  m_Children:
  - {fileID: 812857597}
  m_Father: {fileID: 1320273710}
  m_RootOrder: 1
--- !u!114 &1071949661
MonoBehaviour:
  m_ObjectHideFlags: 0
  m_PrefabParentObject: {fileID: 0}
  m_PrefabInternal: {fileID: 0}
  m_GameObject: {fileID: 1071949659}
  m_Enabled: 1
  m_EditorHideFlags: 0
  m_Script: {fileID: 11500000, guid: b4767eaa1e0061147b9b986d9f3c7e1c, type: 3}
  m_Name: 
  m_EditorClassIdentifier: 
  DataName: HeightMap
  InternalDataName: 
  UniqueId: 255
  Priority: 0
  EnableUnityUpdateFunction: 0
  EnableThreadUpdateFunction: 0
  InterlacedUpdate: 0
  EnableGenerationFunction: 1
  NextThreadId: 0
  Resolution: 1
  WorldOffset: {x: 0, y: 0, z: 0}
  DesiredPosition: {fileID: 0}
  DesiredBiomeName: 
  Container: {fileID: 812857598}
  Gen:
    UID: 0
    World:
      Information:
        Name: New Terrain
        FolderName: New Folder
        DataType: 3
        CompressionMode: 9
        LoadEnabled: 0
        SaveEnabled: 0
        Seed: 0
        Scale: 1
        WorldGroundLevel: 0
        LocalGroundLevel: 0
        MinRange: {x: -1, y: 0, z: -1}
        MaxRange: {x: 1, y: 0, z: 1}
        MinLimit: {x: 0, y: 0, z: 0}
        MaxLimit: {x: 0, y: 0, z: 0}
        VoxelPerChunkXYZ: 8
        ChunkPerBlockXYZ: 8
        ForceHierarchyUpdate: 0
        VoxelPerChunk: 16
        ChunkPerBlock: 16
        TotalVoxelsPerChunk: 0
      Palette: []
      GeneratorsFiles: []
    Information:
      Name: New Terrain
      FolderName: New Folder
      DataType: 3
      CompressionMode: 9
      LoadEnabled: 0
      SaveEnabled: 0
      Seed: 0
      Scale: 1
      WorldGroundLevel: 0
      LocalGroundLevel: 0
      MinRange: {x: -1, y: 0, z: -1}
      MaxRange: {x: 1, y: 0, z: 1}
      MinLimit: {x: 0, y: 0, z: 0}
      MaxLimit: {x: 0, y: 0, z: 0}
      VoxelPerChunkXYZ: 8
      ChunkPerBlockXYZ: 8
      ForceHierarchyUpdate: 0
      VoxelPerChunk: 16
      ChunkPerBlock: 16
      TotalVoxelsPerChunk: 0
    Palette: []
    Name: 
    DataName: 
    Priority: 0
    Resolution: 1
    WorldOffset:
      x: 0
      y: 0
      z: 0
    DesiredPosition:
      x: 0
      y: 0
      z: 0
    DesiredBiomeName: 
    HeightNoises:
      Windows: []
    Container:
      Noises: []
      NoisesPreset: []
    NoiseTypes:
      NoisesObjects: []
    ExternalContainers: []
    OffsetX: 0
--- !u!1 &1320273708
GameObject:
  m_ObjectHideFlags: 0
  m_PrefabParentObject: {fileID: 0}
  m_PrefabInternal: {fileID: 0}
  serializedVersion: 4
  m_Component:
  - 4: {fileID: 1320273710}
  - 114: {fileID: 1320273709}
  - 114: {fileID: 1320273711}
  m_Layer: 0
  m_Name: 4-TerrainManager
  m_TagString: Untagged
  m_Icon: {fileID: 0}
  m_NavMeshLayer: 0
  m_StaticEditorFlags: 0
  m_IsActive: 1
--- !u!114 &1320273709
MonoBehaviour:
  m_ObjectHideFlags: 0
  m_PrefabParentObject: {fileID: 0}
  m_PrefabInternal: {fileID: 0}
  m_GameObject: {fileID: 1320273708}
  m_Enabled: 0
  m_EditorHideFlags: 0
  m_Script: {fileID: 11500000, guid: e29c810c9c7e5a347997b7d433b3e712, type: 3}
  m_Name: 
  m_EditorClassIdentifier: 
  Informations:
    Name: New Terrain
    FolderName: New Folder
    DataType: 3
    CompressionMode: 9
    LoadEnabled: 0
    SaveEnabled: 0
    Seed: 0
    Scale: 1.5
    WorldGroundLevel: 0
    LocalGroundLevel: 0
    MinRange: {x: -3, y: 0, z: -3}
    MaxRange: {x: 3, y: 0, z: 3}
    MinLimit: {x: 0, y: 0, z: 0}
    MaxLimit: {x: 0, y: 0, z: 0}
    VoxelPerChunkXYZ: 16
    ChunkPerBlockXYZ: 16
    ForceHierarchyUpdate: 0
    VoxelPerChunk: 16
    ChunkPerBlock: 16
    TotalVoxelsPerChunk: 4096
  ModificationInterface: {fileID: 0}
  ChunkPrefab: {fileID: 755100466}
  Palette: {fileID: 1913592773}
  State: 0
  LoadingProgress: 100
  LoadingTime: 0
  DrawLogs: 0
  CameraHandler: {fileID: 0}
  OptimizeBlockBorders: 1
  CombineBlockChunks: 0
  RegenerateCornersChunks: 1
  SaveAllTerrains: 0
  OptimizeEncloseVoxels: 1
  OptimizeMesh: 1
  GenerateUVs: 0
  GenerateTangents: 0
  SmoothVoxelsTransition: 1
  GenerateColors: 0
  PolyColor: 0
--- !u!4 &1320273710
Transform:
  m_ObjectHideFlags: 0
  m_PrefabParentObject: {fileID: 0}
  m_PrefabInternal: {fileID: 0}
  m_GameObject: {fileID: 1320273708}
  m_LocalRotation: {x: 0, y: 0, z: 0, w: 1}
  m_LocalPosition: {x: 0, y: 0, z: 0}
  m_LocalScale: {x: 1, y: 1, z: 1}
  m_LocalEulerAnglesHint: {x: 0, y: 0, z: 0}
  m_Children:
  - {fileID: 755100471}
  - {fileID: 1071949660}
  - {fileID: 119102947}
  m_Father: {fileID: 0}
  m_RootOrder: 4
--- !u!114 &1320273711
MonoBehaviour:
  m_ObjectHideFlags: 0
  m_PrefabParentObject: {fileID: 0}
  m_PrefabInternal: {fileID: 0}
  m_GameObject: {fileID: 1320273708}
  m_Enabled: 1
  m_EditorHideFlags: 0
  m_Script: {fileID: 11500000, guid: e129866f45f327945961bd4894e65097, type: 3}
  m_Name: 
  m_EditorClassIdentifier: 
  CTransform: {fileID: 1055691262}
  FixedPositions: {x: 0, y: 1, z: 0}
  Enabled: 1
  DisableGenerationKey: 112
  DistanceFromGround: 0
  BlockPositionY: 0
--- !u!1 &1599480472
GameObject:
  m_ObjectHideFlags: 0
  m_PrefabParentObject: {fileID: 0}
  m_PrefabInternal: {fileID: 0}
  serializedVersion: 4
  m_Component:
  - 4: {fileID: 1599480474}
  - 108: {fileID: 1599480473}
  m_Layer: 0
  m_Name: Directional Light
  m_TagString: Untagged
  m_Icon: {fileID: 0}
  m_NavMeshLayer: 0
  m_StaticEditorFlags: 0
  m_IsActive: 1
--- !u!108 &1599480473
Light:
  m_ObjectHideFlags: 0
  m_PrefabParentObject: {fileID: 0}
  m_PrefabInternal: {fileID: 0}
  m_GameObject: {fileID: 1599480472}
  m_Enabled: 1
  serializedVersion: 7
  m_Type: 1
  m_Color: {r: 1, g: 0.95686275, b: 0.8392157, a: 1}
  m_Intensity: 1
  m_Range: 10
  m_SpotAngle: 30
  m_CookieSize: 10
  m_Shadows:
    m_Type: 2
    m_Resolution: -1
    m_CustomResolution: -1
    m_Strength: 1
    m_Bias: 0.05
    m_NormalBias: 0.4
    m_NearPlane: 0.2
  m_Cookie: {fileID: 0}
  m_DrawHalo: 0
  m_Flare: {fileID: 0}
  m_RenderMode: 0
  m_CullingMask:
    serializedVersion: 2
    m_Bits: 4294967295
  m_Lightmapping: 4
  m_AreaSize: {x: 1, y: 1}
  m_BounceIntensity: 1
  m_ShadowRadius: 0
  m_ShadowAngle: 0
--- !u!4 &1599480474
Transform:
  m_ObjectHideFlags: 0
  m_PrefabParentObject: {fileID: 0}
  m_PrefabInternal: {fileID: 0}
  m_GameObject: {fileID: 1599480472}
  m_LocalRotation: {x: 0.40821788, y: -0.23456968, z: 0.10938163, w: 0.8754261}
  m_LocalPosition: {x: 0, y: 3, z: 0}
  m_LocalScale: {x: 1, y: 1, z: 1}
  m_LocalEulerAnglesHint: {x: 50, y: -30, z: 0}
  m_Children: []
  m_Father: {fileID: 0}
  m_RootOrder: 2
--- !u!1 &1658134491
GameObject:
  m_ObjectHideFlags: 0
  m_PrefabParentObject: {fileID: 0}
  m_PrefabInternal: {fileID: 0}
  serializedVersion: 4
  m_Component:
  - 4: {fileID: 1658134493}
  - 114: {fileID: 1658134492}
  m_Layer: 0
  m_Name: 1-FileMgr
  m_TagString: Untagged
  m_Icon: {fileID: 0}
  m_NavMeshLayer: 0
  m_StaticEditorFlags: 0
  m_IsActive: 0
--- !u!114 &1658134492
MonoBehaviour:
  m_ObjectHideFlags: 0
  m_PrefabParentObject: {fileID: 0}
  m_PrefabInternal: {fileID: 0}
  m_GameObject: {fileID: 1658134491}
  m_Enabled: 1
  m_EditorHideFlags: 0
  m_Script: {fileID: 11500000, guid: a913784016212b04082646e50ab8e248, type: 3}
  m_Name: 
  m_EditorClassIdentifier: 
  CaptureFrameRate: 0
  ToCreateFolders: []
  OnStart:
    Objects: []
    GoToInvertState: []
    MonoToInvertState:
    - {fileID: 1320273709}
    CamToInvertState: []
    LightToInvertState: []
    GravityToIntertState: []
    ColliderToInvertState: []
  Prefabs: []
--- !u!4 &1658134493
Transform:
  m_ObjectHideFlags: 0
  m_PrefabParentObject: {fileID: 0}
  m_PrefabInternal: {fileID: 0}
  m_GameObject: {fileID: 1658134491}
  m_LocalRotation: {x: 0, y: 0, z: 0, w: 1}
  m_LocalPosition: {x: 0, y: 0, z: 0}
  m_LocalScale: {x: 1, y: 1, z: 1}
  m_LocalEulerAnglesHint: {x: 0, y: 0, z: 0}
  m_Children: []
  m_Father: {fileID: 0}
  m_RootOrder: 1
--- !u!1001 &1839999869
Prefab:
  m_ObjectHideFlags: 0
  serializedVersion: 2
  m_Modification:
    m_TransformParent: {fileID: 0}
    m_Modifications:
    - target: {fileID: 429846, guid: d1da5bf04eb836b43885191d0cfa9cda, type: 2}
      propertyPath: m_LocalPosition.x
      value: 0
      objectReference: {fileID: 0}
    - target: {fileID: 429846, guid: d1da5bf04eb836b43885191d0cfa9cda, type: 2}
      propertyPath: m_LocalPosition.y
      value: 1
      objectReference: {fileID: 0}
    - target: {fileID: 429846, guid: d1da5bf04eb836b43885191d0cfa9cda, type: 2}
      propertyPath: m_LocalPosition.z
      value: 0
      objectReference: {fileID: 0}
    - target: {fileID: 429846, guid: d1da5bf04eb836b43885191d0cfa9cda, type: 2}
      propertyPath: m_LocalRotation.x
      value: 0
      objectReference: {fileID: 0}
    - target: {fileID: 429846, guid: d1da5bf04eb836b43885191d0cfa9cda, type: 2}
      propertyPath: m_LocalRotation.y
      value: 0
      objectReference: {fileID: 0}
    - target: {fileID: 429846, guid: d1da5bf04eb836b43885191d0cfa9cda, type: 2}
      propertyPath: m_LocalRotation.z
      value: 0
      objectReference: {fileID: 0}
    - target: {fileID: 429846, guid: d1da5bf04eb836b43885191d0cfa9cda, type: 2}
      propertyPath: m_LocalRotation.w
      value: 1
      objectReference: {fileID: 0}
    - target: {fileID: 429846, guid: d1da5bf04eb836b43885191d0cfa9cda, type: 2}
      propertyPath: m_RootOrder
      value: 0
      objectReference: {fileID: 0}
    - target: {fileID: 168180, guid: d1da5bf04eb836b43885191d0cfa9cda, type: 2}
      propertyPath: m_IsActive
      value: 1
      objectReference: {fileID: 0}
    m_RemovedComponents: []
  m_ParentPrefab: {fileID: 100100000, guid: d1da5bf04eb836b43885191d0cfa9cda, type: 2}
  m_IsPrefabParent: 0
--- !u!1 &1913592772
GameObject:
  m_ObjectHideFlags: 0
  m_PrefabParentObject: {fileID: 0}
  m_PrefabInternal: {fileID: 0}
  serializedVersion: 4
  m_Component:
  - 4: {fileID: 1913592774}
  - 114: {fileID: 1913592773}
  m_Layer: 0
  m_Name: Palette
  m_TagString: Untagged
  m_Icon: {fileID: 0}
  m_NavMeshLayer: 0
  m_StaticEditorFlags: 0
  m_IsActive: 1
--- !u!114 &1913592773
MonoBehaviour:
  m_ObjectHideFlags: 0
  m_PrefabParentObject: {fileID: 0}
  m_PrefabInternal: {fileID: 0}
  m_GameObject: {fileID: 1913592772}
  m_Enabled: 1
  m_EditorHideFlags: 0
  m_Script: {fileID: 11500000, guid: 4ec81b7bd49e8104e858b2aa0c13f600, type: 3}
  m_Name: 
  m_EditorClassIdentifier: 
  Name: 
  VoxelBlocks:
  - Name: 
    VoxelType: 0
    Material: {fileID: 0}
    LocalShader: {fileID: 0}
    ColorGenerator: {fileID: 0}
    UseSplatMap: 0
    Color: 0
    SplatColor: {r: 0, g: 0, b: 0, a: 0}
    MainVoxelId: 0
    SplatVoxels: 
  - Name: Grass
    VoxelType: 0
    Material: {fileID: 2100000, guid: 84189cdee31cfba4fb96d9ff2aa0e733, type: 2}
    LocalShader: {fileID: 0}
    ColorGenerator: {fileID: 0}
    UseSplatMap: 0
    Color: 0
    SplatColor: {r: 0, g: 0, b: 0, a: 0}
    MainVoxelId: 0
    SplatVoxels: 
  - Name: Dirt
    VoxelType: 0
    Material: {fileID: 2100000, guid: 4f34240e542727e4d9d728dfbc782c4a, type: 2}
    LocalShader: {fileID: 0}
    ColorGenerator: {fileID: 0}
    UseSplatMap: 0
    Color: 0
    SplatColor: {r: 0, g: 0, b: 0, a: 0}
    MainVoxelId: 0
    SplatVoxels: 
  - Name: Sand
    VoxelType: 0
    Material: {fileID: 2100000, guid: d6c2af8a18345e643abac9235420b1ff, type: 2}
    LocalShader: {fileID: 0}
    ColorGenerator: {fileID: 0}
    UseSplatMap: 0
    Color: 0
    SplatColor: {r: 0, g: 0, b: 0, a: 0}
    MainVoxelId: 0
    SplatVoxels: 
  - Name: Stone
    VoxelType: 0
    Material: {fileID: 2100000, guid: acf7936c1e51d6340a9c1ee051892a69, type: 2}
    LocalShader: {fileID: 0}
    ColorGenerator: {fileID: 0}
    UseSplatMap: 0
    Color: 0
    SplatColor: {r: 0, g: 0, b: 0, a: 0}
    MainVoxelId: 0
    SplatVoxels: 
--- !u!4 &1913592774
Transform:
  m_ObjectHideFlags: 0
  m_PrefabParentObject: {fileID: 0}
  m_PrefabInternal: {fileID: 0}
  m_GameObject: {fileID: 1913592772}
  m_LocalRotation: {x: 0, y: 0, z: 0, w: 1}
  m_LocalPosition: {x: 0, y: 0, z: 0}
  m_LocalScale: {x: 1, y: 1, z: 1}
  m_LocalEulerAnglesHint: {x: 0, y: 0, z: 0}
  m_Children: []
  m_Father: {fileID: 0}
  m_RootOrder: 6
