%YAML 1.1
%TAG !u! tag:unity3d.com,2011:
--- !u!1 &100000
GameObject:
  m_ObjectHideFlags: 0
  m_PrefabParentObject: {fileID: 0}
  m_PrefabInternal: {fileID: 100100000}
  serializedVersion: 4
  m_Component:
  - 4: {fileID: 400000}
  - 114: {fileID: 11400004}
  - 114: {fileID: 11400002}
  - 114: {fileID: 11400000}
  m_Layer: 0
  m_Name: CaveDetecter
  m_TagString: Untagged
  m_Icon: {fileID: 0}
  m_NavMeshLayer: 0
  m_StaticEditorFlags: 0
  m_IsActive: 1
--- !u!4 &400000
Transform:
  m_ObjectHideFlags: 1
  m_PrefabParentObject: {fileID: 0}
  m_PrefabInternal: {fileID: 100100000}
  m_GameObject: {fileID: 100000}
  m_LocalRotation: {x: 0, y: 0, z: 0, w: 1}
  m_LocalPosition: {x: 492.779572, y: 987.540649, z: 481.298798}
  m_LocalScale: {x: 1, y: 1, z: 1}
  m_Children: []
  m_Father: {fileID: 0}
  m_RootOrder: 0
--- !u!114 &11400000
MonoBehaviour:
  m_ObjectHideFlags: 1
  m_PrefabParentObject: {fileID: 0}
  m_PrefabInternal: {fileID: 100100000}
  m_GameObject: {fileID: 100000}
  m_Enabled: 1
  m_EditorHideFlags: 0
  m_Script: {fileID: 11500000, guid: 6f32bc5de8e092d40a7e537e88e569f5, type: 3}
  m_Name: 
  m_EditorClassIdentifier: 
  Name: LeaveCave
  TargetLight: {fileID: 0}
  LerpTime: .600000024
  Targetintensity: 0
  TargetColor: {r: 0, g: 0, b: 0, a: 0}
  ModifyIntensity: 1
  ModifyColor: 1
  ModifyAmbientColor: 1
  CopyValuesOnAwake: 1
  UseDistance: 0
  TargetTransform: {fileID: 0}
  DisableWhenDone: 1
  Fog: 0
  TargetFogColor: {r: 0, g: 0, b: 0, a: 0}
  TargetAmbientColor: {r: 0, g: 0, b: 0, a: 0}
  t: 0
  OnDone:
    Objects: []
    GoToInvertState: []
    MonoToInvertState: []
    CamToInvertState: []
    LightToInvertState: []
    GravityToIntertState: []
--- !u!114 &11400002
MonoBehaviour:
  m_ObjectHideFlags: 1
  m_PrefabParentObject: {fileID: 0}
  m_PrefabInternal: {fileID: 100100000}
  m_GameObject: {fileID: 100000}
  m_Enabled: 0
  m_EditorHideFlags: 0
  m_Script: {fileID: 11500000, guid: 6f32bc5de8e092d40a7e537e88e569f5, type: 3}
  m_Name: 
  m_EditorClassIdentifier: 
  Name: EnterCave
  TargetLight: {fileID: 0}
  LerpTime: 5
  Targetintensity: .100000001
  TargetColor: {r: .0661764741, g: .0661764741, b: .0661764741, a: 0}
  ModifyIntensity: 1
  ModifyColor: 1
  ModifyAmbientColor: 1
  CopyValuesOnAwake: 0
  UseDistance: 1
  TargetTransform: {fileID: 0}
  DisableWhenDone: 1
  Fog: 1
  TargetFogColor: {r: .132352948, g: .0575050749, b: 0, a: 0}
  TargetAmbientColor: {r: .217993081, g: .267479986, b: .308823526, a: 0}
  t: 0
  OnDone:
    Objects: []
    GoToInvertState: []
    MonoToInvertState: []
    CamToInvertState: []
    LightToInvertState: []
    GravityToIntertState: []
--- !u!114 &11400004
MonoBehaviour:
  m_ObjectHideFlags: 1
  m_PrefabParentObject: {fileID: 0}
  m_PrefabInternal: {fileID: 100100000}
  m_GameObject: {fileID: 100000}
  m_Enabled: 1
  m_EditorHideFlags: 0
  m_Script: {fileID: 11500000, guid: 2dfc39a6fcefd9d4d8cca9e1b375b51a, type: 3}
  m_Name: 
  m_EditorClassIdentifier: 
  ToFollow: {fileID: 0}
  RaysCount: 1
  RaySpace: 1
  MinRayToEnable: 3
  RayDistance: 25
  IsInCave: 0
  OnEnterCave:
    Objects:
    - Active: 1
      Recursirve: 0
      Obj: {fileID: 0}
      Mono: {fileID: 11400002}
      Camera: {fileID: 0}
      Gravity: {fileID: 0}
      DestroyMono: {fileID: 0}
      DestroyObject: {fileID: 0}
      FreezeBody: {fileID: 0}
      InstanciateObject:
        WorkingCount: 0
        ToInstanciate: {fileID: 0}
        Filter: {fileID: 0}
        Position: {x: 0, y: 0, z: 0}
        Rotation: {x: 0, y: 0, z: 0, w: 0}
        Scale: {x: 0, y: 0, z: 0}
        CreatedObject: {fileID: 0}
        Parent: {fileID: 0}
        DespawnTime: 0
        UsePool: 0
        PoolInfo: 0
        PType: 0
        UsePrimitive: 0
        Name: 
      RandomMono: []
      DelayedTime: 0
    - Active: 0
      Recursirve: 0
      Obj: {fileID: 0}
      Mono: {fileID: 11400000}
      Camera: {fileID: 0}
      Gravity: {fileID: 0}
      DestroyMono: {fileID: 0}
      DestroyObject: {fileID: 0}
      FreezeBody: {fileID: 0}
      InstanciateObject:
        WorkingCount: 0
        ToInstanciate: {fileID: 0}
        Filter: {fileID: 0}
        Position: {x: 0, y: 0, z: 0}
        Rotation: {x: 0, y: 0, z: 0, w: 0}
        Scale: {x: 0, y: 0, z: 0}
        CreatedObject: {fileID: 0}
        Parent: {fileID: 0}
        DespawnTime: 0
        UsePool: 0
        PoolInfo: 0
        PType: 0
        UsePrimitive: 0
        Name: 
      RandomMono: []
      DelayedTime: 0
    GoToInvertState: []
    MonoToInvertState: []
    CamToInvertState: []
    LightToInvertState: []
    GravityToIntertState: []
  OnLeaveCave:
    Objects:
    - Active: 1
      Recursirve: 0
      Obj: {fileID: 0}
      Mono: {fileID: 11400000}
      Camera: {fileID: 0}
      Gravity: {fileID: 0}
      DestroyMono: {fileID: 0}
      DestroyObject: {fileID: 0}
      FreezeBody: {fileID: 0}
      InstanciateObject:
        WorkingCount: 0
        ToInstanciate: {fileID: 0}
        Filter: {fileID: 0}
        Position: {x: 0, y: 0, z: 0}
        Rotation: {x: 0, y: 0, z: 0, w: 0}
        Scale: {x: 0, y: 0, z: 0}
        CreatedObject: {fileID: 0}
        Parent: {fileID: 0}
        DespawnTime: 0
        UsePool: 0
        PoolInfo: 0
        PType: 0
        UsePrimitive: 0
        Name: 
      RandomMono: []
      DelayedTime: 0
    - Active: 0
      Recursirve: 0
      Obj: {fileID: 0}
      Mono: {fileID: 11400002}
      Camera: {fileID: 0}
      Gravity: {fileID: 0}
      DestroyMono: {fileID: 0}
      DestroyObject: {fileID: 0}
      FreezeBody: {fileID: 0}
      InstanciateObject:
        WorkingCount: 0
        ToInstanciate: {fileID: 0}
        Filter: {fileID: 0}
        Position: {x: 0, y: 0, z: 0}
        Rotation: {x: 0, y: 0, z: 0, w: 0}
        Scale: {x: 0, y: 0, z: 0}
        CreatedObject: {fileID: 0}
        Parent: {fileID: 0}
        DespawnTime: 0
        UsePool: 0
        PoolInfo: 0
        PType: 0
        UsePrimitive: 0
        Name: 
      RandomMono: []
      DelayedTime: 0
    GoToInvertState: []
    MonoToInvertState: []
    CamToInvertState: []
    LightToInvertState: []
    GravityToIntertState: []
--- !u!1001 &100100000
Prefab:
  m_ObjectHideFlags: 1
  serializedVersion: 2
  m_Modification:
    m_TransformParent: {fileID: 0}
    m_Modifications: []
    m_RemovedComponents: []
  m_ParentPrefab: {fileID: 0}
  m_RootGameObject: {fileID: 100000}
  m_IsPrefabParent: 1
