%YAML 1.1
%TAG !u! tag:unity3d.com,2011:
--- !u!1 &168180
GameObject:
  m_ObjectHideFlags: 0
  m_PrefabParentObject: {fileID: 0}
  m_PrefabInternal: {fileID: 100100000}
  serializedVersion: 4
  m_Component:
  - 4: {fileID: 429846}
  - 143: {fileID: 14305038}
  - 114: {fileID: 11406768}
  - 54: {fileID: 5496774}
  - 82: {fileID: 8208904}
  - 114: {fileID: 11481266}
  - 114: {fileID: 11481012}
  - 114: {fileID: 11448042}
  - 114: {fileID: 114000010994206642}
  m_Layer: 0
  m_Name: StandardController
  m_TagString: Untagged
  m_Icon: {fileID: 0}
  m_NavMeshLayer: 0
  m_StaticEditorFlags: 0
  m_IsActive: 1
--- !u!1 &170796
GameObject:
  m_ObjectHideFlags: 0
  m_PrefabParentObject: {fileID: 0}
  m_PrefabInternal: {fileID: 100100000}
  serializedVersion: 4
  m_Component:
  - 4: {fileID: 444206}
  - 20: {fileID: 2050906}
  - 81: {fileID: 8159586}
  - 114: {fileID: 11460790}
  - 114: {fileID: 11459040}
  - 114: {fileID: 11422616}
  - 114: {fileID: 11403090}
  - 114: {fileID: 11425212}
  - 114: {fileID: 11420500}
  - 114: {fileID: 11477414}
  - 114: {fileID: 11451374}
  - 114: {fileID: 11451838}
  - 114: {fileID: 114000010458958604}
  - 114: {fileID: 114000010816890352}
  - 114: {fileID: 114000012452448154}
  - 114: {fileID: 114000011418980012}
  - 114: {fileID: 114000013511323784}
  - 114: {fileID: 114000014044439840}
  m_Layer: 0
  m_Name: FirstPersonCharacter
  m_TagString: MainCamera
  m_Icon: {fileID: 0}
  m_NavMeshLayer: 0
  m_StaticEditorFlags: 0
  m_IsActive: 1
--- !u!4 &429846
Transform:
  m_ObjectHideFlags: 1
  m_PrefabParentObject: {fileID: 0}
  m_PrefabInternal: {fileID: 100100000}
  m_GameObject: {fileID: 168180}
  m_LocalRotation: {x: -0.007658041, y: -0.9604784, z: -0.029135482, w: 0.27671948}
  m_LocalPosition: {x: 435, y: 75.752464, z: 357.37253}
  m_LocalScale: {x: 1, y: 1, z: 1}
  m_LocalEulerAnglesHint: {x: 0, y: 0, z: 0}
  m_Children:
  - {fileID: 444206}
  m_Father: {fileID: 0}
  m_RootOrder: 0
--- !u!4 &444206
Transform:
  m_ObjectHideFlags: 1
  m_PrefabParentObject: {fileID: 0}
  m_PrefabInternal: {fileID: 100100000}
  m_GameObject: {fileID: 170796}
  m_LocalRotation: {x: -0.15643673, y: 0, z: 0, w: 0.987688}
  m_LocalPosition: {x: 0.0022299588, y: 0.8, z: 0}
  m_LocalScale: {x: 1, y: 1, z: 1}
  m_LocalEulerAnglesHint: {x: 0, y: 0, z: 0}
  m_Children: []
  m_Father: {fileID: 429846}
  m_RootOrder: 0
--- !u!20 &2050906
Camera:
  m_ObjectHideFlags: 1
  m_PrefabParentObject: {fileID: 0}
  m_PrefabInternal: {fileID: 100100000}
  m_GameObject: {fileID: 170796}
  m_Enabled: 1
  serializedVersion: 2
  m_ClearFlags: 1
  m_BackGroundColor: {r: 0.19215687, g: 0.3019608, b: 0.4745098, a: 0.019607844}
  m_NormalizedViewPortRect:
    serializedVersion: 2
    x: 0
    y: 0
    width: 1
    height: 1
  near clip plane: 0.3
  far clip plane: 4000
  field of view: 80
  orthographic: 0
  orthographic size: 5
  m_Depth: -1
  m_CullingMask:
    serializedVersion: 2
    m_Bits: 4294967295
  m_RenderingPath: 3
  m_TargetTexture: {fileID: 0}
  m_TargetDisplay: 0
  m_TargetEye: 3
  m_HDR: 1
  m_OcclusionCulling: 0
  m_StereoConvergence: 10
  m_StereoSeparation: 0.022
  m_StereoMirrorMode: 0
--- !u!54 &5496774
Rigidbody:
  m_ObjectHideFlags: 1
  m_PrefabParentObject: {fileID: 0}
  m_PrefabInternal: {fileID: 100100000}
  m_GameObject: {fileID: 168180}
  serializedVersion: 2
  m_Mass: 1
  m_Drag: 0
  m_AngularDrag: 0.05
  m_UseGravity: 0
  m_IsKinematic: 1
  m_Interpolate: 0
  m_Constraints: 0
  m_CollisionDetection: 1
--- !u!81 &8159586
AudioListener:
  m_ObjectHideFlags: 1
  m_PrefabParentObject: {fileID: 0}
  m_PrefabInternal: {fileID: 100100000}
  m_GameObject: {fileID: 170796}
  m_Enabled: 1
--- !u!82 &8208904
AudioSource:
  m_ObjectHideFlags: 1
  m_PrefabParentObject: {fileID: 0}
  m_PrefabInternal: {fileID: 100100000}
  m_GameObject: {fileID: 168180}
  m_Enabled: 1
  serializedVersion: 4
  OutputAudioMixerGroup: {fileID: 0}
  m_audioClip: {fileID: 8300000, guid: 4461cc865f0e49b4fa5eef47d0916562, type: 3}
  m_PlayOnAwake: 1
  m_Volume: 1
  m_Pitch: 1
  Loop: 0
  Mute: 0
  Spatialize: 0
  Priority: 128
  DopplerLevel: 1
  MinDistance: 1
  MaxDistance: 500
  Pan2D: 0
  rolloffMode: 0
  BypassEffects: 0
  BypassListenerEffects: 0
  BypassReverbZones: 0
  rolloffCustomCurve:
    serializedVersion: 2
    m_Curve:
    - time: 0
      value: 1
      inSlope: 0
      outSlope: 0
      tangentMode: 0
    - time: 1
      value: 0
      inSlope: 0
      outSlope: 0
      tangentMode: 0
    m_PreInfinity: 2
    m_PostInfinity: 2
    m_RotationOrder: 4
  panLevelCustomCurve:
    serializedVersion: 2
    m_Curve:
    - time: 0
      value: 1
      inSlope: 0
      outSlope: 0
      tangentMode: 0
    m_PreInfinity: 2
    m_PostInfinity: 2
    m_RotationOrder: 0
  spreadCustomCurve:
    serializedVersion: 2
    m_Curve:
    - time: 0
      value: 0
      inSlope: 0
      outSlope: 0
      tangentMode: 0
    m_PreInfinity: 2
    m_PostInfinity: 2
    m_RotationOrder: 4
  reverbZoneMixCustomCurve:
    serializedVersion: 2
    m_Curve:
    - time: 0
      value: 1
      inSlope: 0
      outSlope: 0
      tangentMode: 0
    m_PreInfinity: 2
    m_PostInfinity: 2
    m_RotationOrder: 0
--- !u!114 &11403090
MonoBehaviour:
  m_ObjectHideFlags: 1
  m_PrefabParentObject: {fileID: 0}
  m_PrefabInternal: {fileID: 100100000}
  m_GameObject: {fileID: 170796}
  m_Enabled: 1
  m_EditorHideFlags: 0
  m_Script: {fileID: 11500000, guid: ad9361f9282a17a48b7cba1b1ce892cc, type: 3}
  m_Name: 
  m_EditorClassIdentifier: 
  Processors: []
  CurrentBlock:
    x: 0
    y: 0
    z: 0
  CurrentChunk:
    x: 229
    y: 4
    z: 172
  CurrentLocalChunk:
    x: 5
    y: 4
    z: 12
  DestroyIfNoTerrain: 0
  CurrentBlockScript: {fileID: 0}
  CurrentChunkScript: {fileID: 0}
  UpdateCurrentVoxel: 1
  CurrentVoxel: {x: 174, y: 143, z: 402}
  CurrentVoxelNormal: {x: 0, y: 0, z: 0}
  IntCurrentVoxel:
    x: 174
    y: 143
    z: 402
  CurrentVoxelType: 1
  CurrentVoxelVolume: -2.2519875
  HasBlock: 1
  HasChunk: 1
  ChunkId: 5260
  FlattenId: 5260
  VerticalBlockScript: {fileID: 0}
  LastVoxelType: 1
  LastVoxelVolume: -2.2519875
--- !u!114 &11406768
MonoBehaviour:
  m_ObjectHideFlags: 1
  m_PrefabParentObject: {fileID: 0}
  m_PrefabInternal: {fileID: 100100000}
  m_GameObject: {fileID: 168180}
  m_Enabled: 0
  m_EditorHideFlags: 0
  m_Script: {fileID: 11500000, guid: 05ec5cf00ca181d45a42ba1870e148c3, type: 3}
  m_Name: 
  m_EditorClassIdentifier: 
  m_IsWalking: 1
  m_WalkSpeed: 5
  m_RunSpeed: 40
  m_RunstepLenghten: 0.7
  m_JumpSpeed: 10
  m_StickToGroundForce: 10
  m_GravityMultiplier: 3
  m_MouseLook:
    XSensitivity: 2
    YSensitivity: 2
    clampVerticalRotation: 1
    MinimumX: -90
    MaximumX: 90
    smooth: 1
    smoothTime: 5
  m_UseFovKick: 1
  m_FovKick:
    Camera: {fileID: 2050906}
    originalFov: 70
    FOVIncrease: 3
    TimeToIncrease: 1
    TimeToDecrease: 1
    IncreaseCurve:
      serializedVersion: 2
      m_Curve:
      - time: 0
        value: 0
        inSlope: 0
        outSlope: 0
        tangentMode: 0
      - time: 1
        value: 1
        inSlope: 2
        outSlope: 2
        tangentMode: 0
      m_PreInfinity: 2
      m_PostInfinity: 2
      m_RotationOrder: 4
  m_UseHeadBob: 1
  m_HeadBob:
    HorizontalBobRange: 0.1
    VerticalBobRange: 0.1
    Bobcurve:
      serializedVersion: 2
      m_Curve:
      - time: 0
        value: 0
        inSlope: 0
        outSlope: 0
        tangentMode: 0
      - time: 0.5
        value: 1
        inSlope: 0
        outSlope: 0
        tangentMode: 0
      - time: 1
        value: 0
        inSlope: 0
        outSlope: 0
        tangentMode: 0
      - time: 1.5
        value: -1
        inSlope: 0
        outSlope: 0
        tangentMode: 0
      - time: 2
        value: 0
        inSlope: 0
        outSlope: 0
        tangentMode: 0
      m_PreInfinity: 2
      m_PostInfinity: 2
      m_RotationOrder: 4
    VerticaltoHorizontalRatio: 2
  m_JumpBob:
    BobDuration: 0.2
    BobAmount: 0.1
  m_StepInterval: 5
  m_FootstepSounds:
  - {fileID: 8300000, guid: 4461cc865f0e49b4fa5eef47d0916562, type: 3}
  - {fileID: 8300000, guid: 7b2a169f6ece78542bea59f1a06b0866, type: 3}
  - {fileID: 8300000, guid: 3ef8f03977e153540b8f69c474ff27c8, type: 3}
  - {fileID: 8300000, guid: 4af7edf0d04027842a900c63ba798df9, type: 3}
  m_JumpSound: {fileID: 8300000, guid: 5897aeed9b676024fbb8c694b421a861, type: 3}
  m_LandSound: {fileID: 8300000, guid: 3b09d59f4499d45428baa7a21e954296, type: 3}
--- !u!114 &11420500
MonoBehaviour:
  m_ObjectHideFlags: 1
  m_PrefabParentObject: {fileID: 0}
  m_PrefabInternal: {fileID: 100100000}
  m_GameObject: {fileID: 170796}
  m_Enabled: 1
  m_EditorHideFlags: 0
  m_Script: {fileID: 11500000, guid: 1fd999d1b2cf94a45a5b0a47ce074bef, type: 3}
  m_Name: 
  m_EditorClassIdentifier: 
  redChannel:
    serializedVersion: 2
    m_Curve:
    - time: 0
      value: 0
      inSlope: 1
      outSlope: 1
      tangentMode: 10
    - time: 1
      value: 1
      inSlope: 1
      outSlope: 1
      tangentMode: 10
    m_PreInfinity: 2
    m_PostInfinity: 2
    m_RotationOrder: 0
  greenChannel:
    serializedVersion: 2
    m_Curve:
    - time: 0
      value: 0
      inSlope: 1
      outSlope: 1
      tangentMode: 10
    - time: 1
      value: 1
      inSlope: 1
      outSlope: 1
      tangentMode: 10
    m_PreInfinity: 2
    m_PostInfinity: 2
    m_RotationOrder: 0
  blueChannel:
    serializedVersion: 2
    m_Curve:
    - time: 0
      value: 0
      inSlope: 1
      outSlope: 1
      tangentMode: 10
    - time: 1
      value: 1
      inSlope: 1
      outSlope: 1
      tangentMode: 10
    m_PreInfinity: 2
    m_PostInfinity: 2
    m_RotationOrder: 0
  useDepthCorrection: 0
  zCurve:
    serializedVersion: 2
    m_Curve:
    - time: 0
      value: 0
      inSlope: 0
      outSlope: 0
      tangentMode: 0
    - time: 1
      value: 1
      inSlope: 0
      outSlope: 0
      tangentMode: 0
    m_PreInfinity: 2
    m_PostInfinity: 2
    m_RotationOrder: 4
  depthRedChannel:
    serializedVersion: 2
    m_Curve:
    - time: 0
      value: 0
      inSlope: 0
      outSlope: 0
      tangentMode: 0
    - time: 1
      value: 1
      inSlope: 0
      outSlope: 0
      tangentMode: 0
    m_PreInfinity: 2
    m_PostInfinity: 2
    m_RotationOrder: 4
  depthGreenChannel:
    serializedVersion: 2
    m_Curve:
    - time: 0
      value: 0
      inSlope: 0
      outSlope: 0
      tangentMode: 0
    - time: 1
      value: 1
      inSlope: 0
      outSlope: 0
      tangentMode: 0
    m_PreInfinity: 2
    m_PostInfinity: 2
    m_RotationOrder: 4
  depthBlueChannel:
    serializedVersion: 2
    m_Curve:
    - time: 0
      value: 0
      inSlope: 0
      outSlope: 0
      tangentMode: 0
    - time: 1
      value: 1
      inSlope: 0
      outSlope: 0
      tangentMode: 0
    m_PreInfinity: 2
    m_PostInfinity: 2
    m_RotationOrder: 4
  saturation: 0.9
  selectiveCc: 0
  selectiveFromColor: {r: 1, g: 1, b: 1, a: 1}
  selectiveToColor: {r: 1, g: 1, b: 1, a: 1}
  mode: 0
  updateTextures: 1
  colorCorrectionCurvesShader: {fileID: 4800000, guid: 62bcade1028c24ca1a39760ed84b9487,
    type: 3}
  simpleColorCorrectionCurvesShader: {fileID: 4800000, guid: 438ddd58d82c84d9eb1fdc56111702e1,
    type: 3}
  colorCorrectionSelectiveShader: {fileID: 4800000, guid: e515e0f94cefc4c0db54b45cba621544,
    type: 3}
--- !u!114 &11422616
MonoBehaviour:
  m_ObjectHideFlags: 1
  m_PrefabParentObject: {fileID: 0}
  m_PrefabInternal: {fileID: 100100000}
  m_GameObject: {fileID: 170796}
  m_Enabled: 1
  m_EditorHideFlags: 0
  m_Script: {fileID: 11500000, guid: dab87b9970430af4f8ddd2878781a498, type: 3}
  m_Name: 
  m_EditorClassIdentifier: 
  DeformGrass: 1
  AffectDist: 3
  BendAmount: 5
  BendPositionOffset: {x: 0, y: 2.5, z: 0}
--- !u!114 &11425212
MonoBehaviour:
  m_ObjectHideFlags: 1
  m_PrefabParentObject: {fileID: 0}
  m_PrefabInternal: {fileID: 100100000}
  m_GameObject: {fileID: 170796}
  m_Enabled: 1
  m_EditorHideFlags: 0
  m_Script: {fileID: 11500000, guid: 97e9b95cf609d96409b6c40519432957, type: 3}
  m_Name: 
  m_EditorClassIdentifier: 
  filterType: 2
  preview: 0
  previewScale: {x: 1, y: 1, z: 1}
  movementScale: 0
  rotationScale: 1
  maxVelocity: 8
  minVelocity: 0.1
  velocityScale: 0.375
  softZDistance: 0.005
  velocityDownsample: 1
  excludeLayers:
    serializedVersion: 2
    m_Bits: 0
  shader: {fileID: 4800000, guid: 85a88efa8c871af4a9d17c64791b6f4f, type: 3}
  dx11MotionBlurShader: {fileID: 4800000, guid: f1b13d7a80660504a858ea24cfa418c6,
    type: 3}
  replacementClear: {fileID: 4800000, guid: 7699c5fbfa27745a1abe111ab7bf9785, type: 3}
  noiseTexture: {fileID: 2800000, guid: 31f5a8611c4ed1245b18456206e798dc, type: 3}
  jitter: 0.05
  showVelocity: 0
  showVelocityScale: 1
--- !u!114 &11448042
MonoBehaviour:
  m_ObjectHideFlags: 1
  m_PrefabParentObject: {fileID: 0}
  m_PrefabInternal: {fileID: 100100000}
  m_GameObject: {fileID: 168180}
  m_Enabled: 1
  m_EditorHideFlags: 0
  m_Script: {fileID: 11500000, guid: ad9361f9282a17a48b7cba1b1ce892cc, type: 3}
  m_Name: 
  m_EditorClassIdentifier: 
  Processors: []
  CurrentBlock:
    x: 7
    y: 0
    z: 5
  CurrentChunk:
    x: 229
    y: 4
    z: 172
  CurrentLocalChunk:
    x: 5
    y: 4
    z: 12
  DestroyIfNoTerrain: 0
  CurrentBlockScript: {fileID: 0}
  CurrentChunkScript: {fileID: 0}
  UpdateCurrentVoxel: 1
  CurrentVoxel: {x: 174, y: 142, z: 402}
  CurrentVoxelNormal: {x: 0, y: 0, z: 0}
  IntCurrentVoxel:
    x: 174
    y: 142
    z: 402
  CurrentVoxelType: 1
  CurrentVoxelVolume: -1.2519722
  HasBlock: 1
  HasChunk: 1
  ChunkId: 5260
  FlattenId: 5260
  VerticalBlockScript: {fileID: 0}
  LastVoxelType: 1
  LastVoxelVolume: -1.2519722
--- !u!114 &11451374
MonoBehaviour:
  m_ObjectHideFlags: 1
  m_PrefabParentObject: {fileID: 0}
  m_PrefabInternal: {fileID: 100100000}
  m_GameObject: {fileID: 170796}
  m_Enabled: 1
  m_EditorHideFlags: 0
  m_Script: {fileID: 11500000, guid: e9bdd83f9fac3b0408c4257987f4cb1f, type: 3}
  m_Name: 
  m_EditorClassIdentifier: 
  Manager: {fileID: 0}
  TObject: {fileID: 11403090}
  DrawBlockTypes: 1
  DrawToolConfig: 1
  ToolSize: 8
  ToolType: 0
  ToolVolume: 0.7
  ModType: 4
  Sphere: 0
  InstantChunksGeneration: 0
  InstantChunksBuild: 0
  OnKeyDown: 0
  CursorObject: {fileID: 0}
  CursorDistance: 25
  CusorStrictVoxelPosition: 0
  CursorOffset: {x: 0, y: 0, z: 0}
  ToEnableDisable: {fileID: 0}
  ToTeleportOnDisable: {fileID: 0}
  CursorTObject: {fileID: 0}
  CursorWidth: 8
  CursorHeight: 8
  CursorDepth: 8
  ChunkLayer:
    serializedVersion: 2
    m_Bits: 2048
  Look: {fileID: 0}
  Presets:
  - Name: Remove
    Enabled: 1
    Key: 49
    ModType: 4
    ObjectName: 
    Volume: 32
    Sphere: 0
    OnKeyDown: 0
    Layer: 0
    BrushType: 0
    Obj: {fileID: 0}
    CursorObject: {fileID: 0}
    StrictVoxelPosition: 0
    AutoAlignToGround: 0
    BlockModType: 0
    ProcessorLayer: {fileID: 0}
    ProcessorName: 
    RandomChance: {x: 0, y: 0}
    BrushMaterial: {fileID: 0}
    Selected: 0
  - Name: Add
    Enabled: 1
    Key: 50
    ModType: 2
    ObjectName: Grass
    Volume: 0.52
    Sphere: 0
    OnKeyDown: 1
    Layer: 0
    BrushType: 0
    Obj: {fileID: 0}
    CursorObject: {fileID: 0}
    StrictVoxelPosition: 0
    AutoAlignToGround: 0
    BlockModType: 0
    ProcessorLayer: {fileID: 0}
    ProcessorName: 
    RandomChance: {x: 0, y: 0}
    BrushMaterial: {fileID: 0}
    Selected: 0
  CenterRaycast: 1
--- !u!114 &11451838
MonoBehaviour:
  m_ObjectHideFlags: 1
  m_PrefabParentObject: {fileID: 0}
  m_PrefabInternal: {fileID: 100100000}
  m_GameObject: {fileID: 170796}
  m_Enabled: 1
  m_EditorHideFlags: 0
  m_Script: {fileID: 11500000, guid: 5f4234024f1ec134da7a7797a29e6cfe, type: 3}
  m_Name: 
  m_EditorClassIdentifier: 
  m_grain: 0
  m_grainIntensity: 0.1
  m_vignette: 0
  m_vignetteIntensity: 0.7
  m_vignetteScale: 0.7
  m_vignetteColor: {r: 0, g: 0, b: 0, a: 1}
  m_chromaticAberration: 0
  m_chromaticAberrationDistortion: 0.5
  m_chromaticAberrationIntensity: 10
  m_bloom: 1
  m_bloomIntensity: 0.4
  m_bloomBrightness: 2
  m_bloomDistanceMultiplier: 1
  m_bloomDownsamples: 7
  m_lensFlare: 1
  m_lensFlareGhostSamples: 5
  m_lensFlareGhostIntensity: 0.081
  m_lensFlareGhostDispersal: 0.2
  m_lensFlareGhostDistortion: 0.1
  m_lensFlareGhostEdgeFade: 1
  m_lensFlareLensColorTexture: {fileID: 0}
  m_lensFlareHaloIntensity: 0.05
  m_lensFlareHaloWidth: 0.3
  m_lensFlareHaloDistortion: 0.5
  m_lensFlareDiffractionTexture: {fileID: 0}
  m_lensFlareDiffractionUVScale: 0.8
  m_lensFlareBlurSamples: 1
  m_lensFlareBlurStrength: 0.5
  m_lensFlareDownsamples: 2
  m_lensDirt: 1
  m_lensDirtTexture: {fileID: 2800000, guid: adbc35160ff54eb4cae0fd40240bcf9e, type: 3}
  m_lensDirtBloomEffect: 0.19
  m_lensDirtBloomBrightness: 1.2
  m_lensDirtLensFlareEffect: 1
  m_lensDirtLensFlareBrightness: 1
  m_tonemappingMode: 1
  m_whitePoint: 0.5
  m_cameraMode: 2
  m_fNumber: 4
  m_ISO: 100
  m_shutterSpeed: 0.01
  m_userControlledFocalLength: 0
  m_focalLength: 15
  m_exposureCompensation: 2
  m_minMaxExposure: {x: -16, y: 0.85}
  m_adaptionSpeed: 1
  m_depthOfField: 1
  m_exclusionMask:
    serializedVersion: 2
    m_Bits: 0
  m_maxCoCRadius: 14
  m_depthOfFieldQuality: 0
  m_depthFocusMode: 2
  m_pointAveragePosition: {x: 0.5, y: 0.5}
  m_pointAverageRange: 0.2
  m_visualizePointFocus: 0
  m_depthAdaptionSpeed: 15
  m_focalDistance: 10
  m_focalRange: 10
  m_colorGradingMode: 0
  m_colorGradingTex1: {fileID: 0}
  m_colorGradingTex2: {fileID: 0}
  m_colorGradingBlendFactor: 0
  forceFillParams: 0
--- !u!114 &11459040
MonoBehaviour:
  m_ObjectHideFlags: 1
  m_PrefabParentObject: {fileID: 0}
  m_PrefabInternal: {fileID: 100100000}
  m_GameObject: {fileID: 170796}
  m_Enabled: 1
  m_EditorHideFlags: 0
  m_Script: {fileID: 11500000, guid: 3dcddf71850b42647a426a4dc873ffe9, type: 3}
  m_Name: 
  m_EditorClassIdentifier: 
--- !u!114 &11460790
MonoBehaviour:
  m_ObjectHideFlags: 1
  m_PrefabParentObject: {fileID: 0}
  m_PrefabInternal: {fileID: 100100000}
  m_GameObject: {fileID: 170796}
  m_Enabled: 1
  m_EditorHideFlags: 0
  m_Script: {fileID: 11500000, guid: 1ec5688dc97c94c41a2bf37f0a513c2e, type: 3}
  m_Name: 
  m_EditorClassIdentifier: 
  Hdr: 0
  DebugPass: 0
  Quality: 1
  DetectionMethod: 1
  UsePredication: 0
  CustomPreset:
    DiagDetection: 1
    CornerDetection: 1
    Threshold: 0.1
    DepthThreshold: 0.01
    MaxSearchSteps: 16
    MaxSearchStepsDiag: 8
    CornerRounding: 25
    LocalContrastAdaptationFactor: 2
  CustomPredicationPreset:
    Threshold: 0.01
    Scale: 2
    Strength: 0.4
  Shader: {fileID: 4800000, guid: 461ad39340fd1bf4e8d9fe310c58be95, type: 3}
  AreaTex: {fileID: 2800000, guid: 7a7a7bb321416fa4d8ba53a700ae8140, type: 3}
  SearchTex: {fileID: 2800000, guid: 3e01b396685ee1f48ac664c99ac95201, type: 3}
--- !u!114 &11477414
MonoBehaviour:
  m_ObjectHideFlags: 1
  m_PrefabParentObject: {fileID: 0}
  m_PrefabInternal: {fileID: 100100000}
  m_GameObject: {fileID: 170796}
  m_Enabled: 1
  m_EditorHideFlags: 0
  m_Script: {fileID: 11500000, guid: b0923359e9e352a4b9b11c7b7161ad67, type: 3}
  m_Name: 
  m_EditorClassIdentifier: 
  m_Radius: 1
  m_SampleCount: 1
  m_OcclusionIntensity: 2
  m_Blur: 2
  m_Downsampling: 2
  m_OcclusionAttenuation: 1
  m_MinZ: 0.3
  m_SSAOShader: {fileID: 4800000, guid: 43ca18288c424f645aaa1e9e07f04c50, type: 3}
  m_RandomTexture: {fileID: 2800000, guid: a181ca8e3c62f3e4b8f183f6c586b032, type: 3}
--- !u!114 &11481012
MonoBehaviour:
  m_ObjectHideFlags: 1
  m_PrefabParentObject: {fileID: 0}
  m_PrefabInternal: {fileID: 100100000}
  m_GameObject: {fileID: 168180}
  m_Enabled: 1
  m_EditorHideFlags: 0
  m_Script: {fileID: 11500000, guid: aaf4f62e9d6a6f3469f11285f1b909b5, type: 3}
  m_Name: 
  m_EditorClassIdentifier: 
  TObject: {fileID: 11448042}
  OnGroundColliderGenerated:
    Objects: []
    GoToInvertState: []
    MonoToInvertState:
    - {fileID: 11406768}
    CamToInvertState: []
    LightToInvertState: []
    GravityToIntertState:
    - {fileID: 5496774}
    ColliderToInvertState:
    - {fileID: 14305038}
  WaitTime: 2
  TeleportOffset: {x: 0, y: 2, z: 0}
  DrawLog: 0
  LayersNames:
  - Chunk
--- !u!114 &11481266
MonoBehaviour:
  m_ObjectHideFlags: 1
  m_PrefabParentObject: {fileID: 0}
  m_PrefabInternal: {fileID: 100100000}
  m_GameObject: {fileID: 168180}
  m_Enabled: 1
  m_EditorHideFlags: 0
  m_Script: {fileID: 11500000, guid: b28b39decf59600478968f307a46e447, type: 3}
  m_Name: 
  m_EditorClassIdentifier: 
  TObject: {fileID: 11448042}
  NextUpdate: 0
  Offset: -3
  TeleportOffset: {x: 0, y: 2, z: 0}
  UseRaycast: 1
  MustCheck: 1
  RaycastDistance: 500
  DrawLog: 0
  FreezeDuration: 2
--- !u!143 &14305038
CharacterController:
  m_ObjectHideFlags: 1
  m_PrefabParentObject: {fileID: 0}
  m_PrefabInternal: {fileID: 100100000}
  m_GameObject: {fileID: 168180}
  m_Material: {fileID: 0}
  m_IsTrigger: 0
  m_Enabled: 0
  serializedVersion: 2
  m_Height: 1.8
  m_Radius: 0.5
  m_SlopeLimit: 45
  m_StepOffset: 1
  m_SkinWidth: 0.1
  m_MinMoveDistance: 0
  m_Center: {x: 0, y: 0, z: 0}
--- !u!1001 &100100000
Prefab:
  m_ObjectHideFlags: 1
  serializedVersion: 2
  m_Modification:
    m_TransformParent: {fileID: 0}
    m_Modifications:
    - target: {fileID: 0}
      propertyPath: panLevelCustomCurve.m_RotationOrder
      value: 0
      objectReference: {fileID: 0}
    - target: {fileID: 0}
      propertyPath: reverbZoneMixCustomCurve.m_RotationOrder
      value: 0
      objectReference: {fileID: 0}
    - target: {fileID: 0}
      propertyPath: m_LocalPosition.x
      value: 0
      objectReference: {fileID: 0}
    - target: {fileID: 0}
      propertyPath: m_LocalPosition.y
      value: 0
      objectReference: {fileID: 0}
    - target: {fileID: 0}
      propertyPath: m_LocalPosition.z
      value: 0
      objectReference: {fileID: 0}
    - target: {fileID: 0}
      propertyPath: m_LocalRotation.y
      value: 0
      objectReference: {fileID: 0}
    - target: {fileID: 0}
      propertyPath: m_LocalRotation.w
      value: 1
      objectReference: {fileID: 0}
    m_RemovedComponents: []
  m_ParentPrefab: {fileID: 0}
  m_RootGameObject: {fileID: 168180}
  m_IsPrefabParent: 1
--- !u!114 &114000010458958604
MonoBehaviour:
  m_ObjectHideFlags: 1
  m_PrefabParentObject: {fileID: 0}
  m_PrefabInternal: {fileID: 100100000}
  m_GameObject: {fileID: 170796}
  m_Enabled: 1
  m_EditorHideFlags: 0
  m_Script: {fileID: 11500000, guid: 0e3d446f7ff644b70a8daaa5525fcf56, type: 3}
  m_Name: 
  m_EditorClassIdentifier: 
  isDirty: 1
  _preset: 1000
  _useFogVolumes: 0
  _improveTransparency: 0
  _renderOpaque: 0
  _sun: {fileID: 0}
  _density: 0.213
  _noiseStrength: 1
  _distance: 624
  _maxFogLength: 2000
  _distanceFallOff: 0.141
  _height: 216
  _baselineHeight: 146
  _baselineRelativeToCamera: 0
  _noiseScale: 10
  _alpha: 0.117
  _color: {r: 0.89, g: 0.89, b: 0.89, a: 1}
  _specularColor: {r: 1, g: 1, b: 0.8, a: 1}
  _specularThreshold: 0.472
  _specularIntensity: 0.09
  _lightDirection: {x: -0.3984227, y: -0.604182, z: 0.69008946}
  _lightIntensity: 0
  _lightColor: {r: 1, g: 0.9368723, b: 0.7647059, a: 1}
  _speed: 0.018
  _windDirection: {x: -1, y: 0, z: 0}
  _skyColor: {r: 0.89, g: 0.89, b: 0.89, a: 0.85}
  _skyHaze: 0
  _skySpeed: 0.3
  _skyNoiseStrength: 0.1
  _skyAlpha: 0.85
  _skyDepth: 0.999
  _character: {fileID: 0}
  _fogVoidFallOff: 1
  _fogVoidRadius: 0
  _fogVoidPosition: {x: 0, y: 0, z: 0}
  _fogVoidDepth: 0
  _fogVoidHeight: 0
  _fogVoidInverted: 0
  _pointLights:
  - {fileID: 0}
  - {fileID: 0}
  - {fileID: 0}
  - {fileID: 0}
  - {fileID: 0}
  - {fileID: 0}
  _pointLightRanges:
  - 0
  - 0
  - 0
  - 0
  - 0
  - 0
  _pointLightIntensities:
  - 1
  - 1
  - 1
  - 1
  - 1
  - 1
  _pointLightIntensitiesMultiplier:
  - 1
  - 1
  - 1
  - 1
  - 1
  - 1
  _pointLightPositions:
  - {x: 0, y: 0, z: 0}
  - {x: 0, y: 0, z: 0}
  - {x: 0, y: 0, z: 0}
  - {x: 0, y: 0, z: 0}
  - {x: 0, y: 0, z: 0}
  - {x: 0, y: 0, z: 0}
  _pointLightColors:
  - {r: 1, g: 1, b: 0, a: 1}
  - {r: 1, g: 1, b: 0, a: 1}
  - {r: 1, g: 1, b: 0, a: 1}
  - {r: 1, g: 1, b: 0, a: 1}
  - {r: 1, g: 1, b: 0, a: 1}
  - {r: 1, g: 1, b: 0, a: 1}
  _pointLightTrackingAuto: 0
  _pointLightTrackingCount: 0
  _downsampling: 1
  _edgeImprove: 0
  _edgeThreshold: 0.0005
  _stepping: 10
  _steppingNear: 0
  _dithering: 0
  _lightScatteringEnabled: 0
  _lightScatteringSpread: 0.18
  _lightScatteringSamples: 24
  _lightScatteringWeight: 2.3
  _lightScatteringIllumination: 18
  _lightScatteringDecay: 0.986
  _lightScatteringExposure: 0.02
  _fogOfWarEnabled: 0
  _fogOfWarCenter: {x: 0, y: 0, z: 0}
  _fogOfWarSize: {x: 1024, y: 0, z: 1024}
  _fogOfWarTextureSize: 256
  _fogOfWarRestoreDelay: 0
  _fogOfWarRestoreDuration: 2
--- !u!114 &114000010816890352
MonoBehaviour:
  m_ObjectHideFlags: 1
  m_PrefabParentObject: {fileID: 0}
  m_PrefabInternal: {fileID: 100100000}
  m_GameObject: {fileID: 170796}
  m_Enabled: 1
  m_EditorHideFlags: 0
  m_Script: {fileID: 11500000, guid: a18425a007063e54db2ac7b48c765085, type: 3}
  m_Name: 
  m_EditorClassIdentifier: 
  updateInterval: 0.5
  updateLagInterval: 0.1
--- !u!114 &114000010994206642
MonoBehaviour:
  m_ObjectHideFlags: 1
  m_PrefabParentObject: {fileID: 0}
  m_PrefabInternal: {fileID: 100100000}
  m_GameObject: {fileID: 168180}
  m_Enabled: 1
  m_EditorHideFlags: 0
  m_Script: {fileID: 11500000, guid: 687a8cead12c13043a90c484993a98bb, type: 3}
  m_Name: 
  m_EditorClassIdentifier: 
  DirLightTransform: {fileID: 0}
  ShowHelp: 1
--- !u!114 &114000011418980012
MonoBehaviour:
  m_ObjectHideFlags: 1
  m_PrefabParentObject: {fileID: 0}
  m_PrefabInternal: {fileID: 100100000}
  m_GameObject: {fileID: 170796}
  m_Enabled: 1
  m_EditorHideFlags: 0
  m_Script: {fileID: 11500000, guid: 0e3d446f7ff644b70a8daaa5525fcf56, type: 3}
  m_Name: 
  m_EditorClassIdentifier: 
  isDirty: 0
  _preset: 1000
  _useFogVolumes: 0
  _improveTransparency: 0
  _renderOpaque: 1
  _sun: {fileID: 0}
  _density: 0.088
  _noiseStrength: 0.631
  _distance: 20
  _maxFogLength: 2000
  _distanceFallOff: 1
  _height: 63
  _baselineHeight: 196
  _baselineRelativeToCamera: 0
  _noiseScale: 10
  _alpha: 1
  _color: {r: 0.9264706, g: 0.9619676, b: 1, a: 1}
  _specularColor: {r: 1, g: 1, b: 0.8, a: 1}
  _specularThreshold: 0.6
  _specularIntensity: 0.1
  _lightDirection: {x: 1, y: 0, z: -1}
  _lightIntensity: 0
  _lightColor: {r: 1, g: 1, b: 1, a: 1}
  _speed: 0.027
  _windDirection: {x: 1, y: 0, z: 0}
  _skyColor: {r: 0.9264706, g: 0.9619676, b: 1, a: 0.85}
  _skyHaze: 0
  _skySpeed: 0.3
  _skyNoiseStrength: 0.1
  _skyAlpha: 0.85
  _skyDepth: 0.999
  _character: {fileID: 0}
  _fogVoidFallOff: 1
  _fogVoidRadius: 0
  _fogVoidPosition: {x: 0, y: 0, z: 0}
  _fogVoidDepth: 0
  _fogVoidHeight: 0
  _fogVoidInverted: 0
  _pointLights:
  - {fileID: 0}
  - {fileID: 0}
  - {fileID: 0}
  - {fileID: 0}
  - {fileID: 0}
  - {fileID: 0}
  _pointLightRanges:
  - 0
  - 0
  - 0
  - 0
  - 0
  - 0
  _pointLightIntensities:
  - 1
  - 1
  - 1
  - 1
  - 1
  - 1
  _pointLightIntensitiesMultiplier:
  - 1
  - 1
  - 1
  - 1
  - 1
  - 1
  _pointLightPositions:
  - {x: 0, y: 0, z: 0}
  - {x: 0, y: 0, z: 0}
  - {x: 0, y: 0, z: 0}
  - {x: 0, y: 0, z: 0}
  - {x: 0, y: 0, z: 0}
  - {x: 0, y: 0, z: 0}
  _pointLightColors:
  - {r: 1, g: 1, b: 0, a: 1}
  - {r: 1, g: 1, b: 0, a: 1}
  - {r: 1, g: 1, b: 0, a: 1}
  - {r: 1, g: 1, b: 0, a: 1}
  - {r: 1, g: 1, b: 0, a: 1}
  - {r: 1, g: 1, b: 0, a: 1}
  _pointLightTrackingAuto: 0
  _pointLightTrackingCount: 0
  _downsampling: 1
  _edgeImprove: 0
  _edgeThreshold: 0.0005
  _stepping: 10
  _steppingNear: 0
  _dithering: 0
  _lightScatteringEnabled: 0
  _lightScatteringSpread: 0.647
  _lightScatteringSamples: 24
  _lightScatteringWeight: 2.3
  _lightScatteringIllumination: 18
  _lightScatteringDecay: 0.986
  _lightScatteringExposure: 0.02
  _fogOfWarEnabled: 0
  _fogOfWarCenter: {x: 0, y: 0, z: 0}
  _fogOfWarSize: {x: 1024, y: 0, z: 1024}
  _fogOfWarTextureSize: 256
  _fogOfWarRestoreDelay: 0
  _fogOfWarRestoreDuration: 2
--- !u!114 &114000012452448154
MonoBehaviour:
  m_ObjectHideFlags: 1
  m_PrefabParentObject: {fileID: 0}
  m_PrefabInternal: {fileID: 100100000}
  m_GameObject: {fileID: 170796}
  m_Enabled: 1
  m_EditorHideFlags: 0
  m_Script: {fileID: 11500000, guid: 163f239264afd624fb2b0d3d1fa33f3a, type: 3}
  m_Name: 
  m_EditorClassIdentifier: 
  RenderingMode: 1
  LightShaftQuality: 0
  ScatteringComputeShader: {fileID: 7200000, guid: df3c1b1294c79e547a1f7039d78a1b65,
    type: 3}
  Sun: {fileID: 0}
  SampleCount: 16
  MaxRayLength: 400
  IncomingLight: {r: 4.691, g: 4.691, b: 4.691, a: 1}
  RayleighScatterCoef: 4
  RayleighExtinctionCoef: 1
  MieScatterCoef: 4
  MieExtinctionCoef: 1
  MieG: 0.1
  DistanceScale: 120
  UpdateLightColor: 1
  LightColorIntensity: 1
  UpdateAmbientColor: 1
  AmbientColorIntensity: 0.4
  RenderSun: 1
  SunIntensity: 1
  RenderLightShafts: 1
  RenderAtmosphericFog: 1
  ReflectionProbe: 0
  ReflectionProbeResolution: 64
  GeneralSettingsFoldout: 1
  ScatteringFoldout: 1
  SunFoldout: 1
  LightShaftsFoldout: 1
  AmbientFoldout: 1
  DirLightFoldout: 0
  ReflectionProbeFoldout: 1
--- !u!114 &114000013511323784
MonoBehaviour:
  m_ObjectHideFlags: 1
  m_PrefabParentObject: {fileID: 0}
  m_PrefabInternal: {fileID: 100100000}
  m_GameObject: {fileID: 170796}
  m_Enabled: 1
  m_EditorHideFlags: 0
  m_Script: {fileID: 11500000, guid: bd70d448b18cfbc46af26466f752332c, type: 3}
  m_Name: 
  m_EditorClassIdentifier: 
  visualizeFocus: 0
  focalLength: 2
  focalSize: 0.5
  aperture: 10
  focalTransform: {fileID: 0}
  maxBlurSize: 2
  highResolution: 0
  blurType: 0
  blurSampleCount: 2
  nearBlur: 0
  foregroundOverlap: 1
  dofHdrShader: {fileID: 4800000, guid: acd613035ff3e455e8abf23fdc8c8c24, type: 3}
  dx11BokehShader: {fileID: 4800000, guid: d8e82664aa8686642a424c88ab10164a, type: 3}
  dx11BokehThreshold: 0.5
  dx11SpawnHeuristic: 0.0875
  dx11BokehTexture: {fileID: 2800000, guid: a4cdca73d61814d33ac1587f6c163bca, type: 3}
  dx11BokehScale: 1.2
  dx11BokehIntensity: 2.5
--- !u!114 &114000014044439840
MonoBehaviour:
  m_ObjectHideFlags: 1
  m_PrefabParentObject: {fileID: 0}
  m_PrefabInternal: {fileID: 100100000}
  m_GameObject: {fileID: 170796}
  m_Enabled: 1
  m_EditorHideFlags: 0
  m_Script: {fileID: 11500000, guid: 89f7a9dff312e44e5abe7eda9ffd31dd, type: 3}
  m_Name: 
  m_EditorClassIdentifier: 
  fog: {fileID: 114000011418980012}
